@misc{pag,
    author = {{University of Michigan}},
    title  = "Control Tutorials for MATLAB and Simulink (CTMS)",
    month  = "aug",
    year   = "2017",
    url    = "http://ctms.engin.umich.edu/CTMS/"
}
